%YAML 1.1
%TAG !u! tag:unity3d.com,2011:
--- !u!1001 &100100000
Prefab:
  m_ObjectHideFlags: 1
  serializedVersion: 2
  m_Modification:
    m_TransformParent: {fileID: 0}
    m_Modifications: []
    m_RemovedComponents: []
  m_SourcePrefab: {fileID: 0}
  m_RootGameObject: {fileID: 1276972585527474}
  m_IsPrefabAsset: 1
--- !u!1 &1276972585527474
GameObject:
  m_ObjectHideFlags: 0
  m_CorrespondingSourceObject: {fileID: 0}
  m_PrefabInternal: {fileID: 100100000}
  serializedVersion: 6
  m_Component:
  - component: {fileID: 4176282963218416}
  - component: {fileID: 33906799345343292}
  - component: {fileID: 23124382618338338}
  - component: {fileID: 95255018541169496}
  - component: {fileID: 208517847426296430}
  - component: {fileID: 65875132703848122}
  m_Layer: 0
  m_Name: KitchenSeat_FBX
  m_TagString: Untagged
  m_Icon: {fileID: 0}
  m_NavMeshLayer: 0
  m_StaticEditorFlags: 0
  m_IsActive: 1
--- !u!4 &4176282963218416
Transform:
  m_ObjectHideFlags: 1
  m_CorrespondingSourceObject: {fileID: 0}
  m_PrefabInternal: {fileID: 100100000}
  m_GameObject: {fileID: 1276972585527474}
  m_LocalRotation: {x: -0.5000007, y: -0.4999993, z: -0.4999993, w: 0.5000007}
  m_LocalPosition: {x: -196.18, y: 0.21, z: 76.96}
  m_LocalScale: {x: 1.9437219, y: 1.9437231, z: 1.9437231}
  m_Children: []
  m_Father: {fileID: 0}
  m_RootOrder: 0
  m_LocalEulerAnglesHint: {x: -90.00001, y: 0, z: -90.00001}
--- !u!23 &23124382618338338
MeshRenderer:
  m_ObjectHideFlags: 1
  m_CorrespondingSourceObject: {fileID: 0}
  m_PrefabInternal: {fileID: 100100000}
  m_GameObject: {fileID: 1276972585527474}
  m_Enabled: 1
  m_CastShadows: 1
  m_ReceiveShadows: 1
  m_DynamicOccludee: 1
  m_MotionVectors: 1
  m_LightProbeUsage: 1
  m_ReflectionProbeUsage: 1
  m_RenderingLayerMask: 4294967295
  m_Materials:
  - {fileID: 2100000, guid: c9bf5e25e2df0444d8e87d6672a6ccfc, type: 2}
  m_StaticBatchInfo:
    firstSubMesh: 0
    subMeshCount: 0
  m_StaticBatchRoot: {fileID: 0}
  m_ProbeAnchor: {fileID: 0}
  m_LightProbeVolumeOverride: {fileID: 0}
  m_ScaleInLightmap: 1
  m_PreserveUVs: 0
  m_IgnoreNormalsForChartDetection: 0
  m_ImportantGI: 0
  m_StitchLightmapSeams: 0
  m_SelectedEditorRenderState: 3
  m_MinimumChartSize: 4
  m_AutoUVMaxDistance: 0.5
  m_AutoUVMaxAngle: 89
  m_LightmapParameters: {fileID: 0}
  m_SortingLayerID: 0
  m_SortingLayer: 0
  m_SortingOrder: 0
--- !u!33 &33906799345343292
MeshFilter:
  m_ObjectHideFlags: 1
  m_CorrespondingSourceObject: {fileID: 0}
  m_PrefabInternal: {fileID: 100100000}
  m_GameObject: {fileID: 1276972585527474}
  m_Mesh: {fileID: 4300000, guid: 862fe7352240eab4499de564a283774f, type: 3}
--- !u!65 &65875132703848122
BoxCollider:
  m_ObjectHideFlags: 1
  m_CorrespondingSourceObject: {fileID: 0}
  m_PrefabInternal: {fileID: 100100000}
  m_GameObject: {fileID: 1276972585527474}
  m_Material: {fileID: 0}
  m_IsTrigger: 0
  m_Enabled: 1
  serializedVersion: 2
  m_Size: {x: 1.093454, y: 0.17683704, z: 0.16910417}
  m_Center: {x: -0.48182964, y: -0.000000011175874, z: 0.08455222}
--- !u!95 &95255018541169496
Animator:
  serializedVersion: 3
  m_ObjectHideFlags: 1
  m_CorrespondingSourceObject: {fileID: 0}
  m_PrefabInternal: {fileID: 100100000}
  m_GameObject: {fileID: 1276972585527474}
  m_Enabled: 1
  m_Avatar: {fileID: 9000000, guid: 862fe7352240eab4499de564a283774f, type: 3}
  m_Controller: {fileID: 0}
  m_CullingMode: 0
  m_UpdateMode: 0
  m_ApplyRootMotion: 0
  m_LinearVelocityBlending: 0
  m_WarningMessage: 
  m_HasTransformHierarchy: 1
  m_AllowConstantClipSamplingOptimization: 1
  m_KeepAnimatorControllerStateOnDisable: 0
--- !u!208 &208517847426296430
NavMeshObstacle:
  m_ObjectHideFlags: 1
  m_CorrespondingSourceObject: {fileID: 0}
  m_PrefabInternal: {fileID: 100100000}
  m_GameObject: {fileID: 1276972585527474}
  m_Enabled: 1
  serializedVersion: 3
  m_Shape: 1
  m_Extents: {x: 0.54700005, y: 0.08800001, z: 0.085}
  m_MoveThreshold: 0.1
  m_Carve: 1
  m_CarveOnlyStationary: 1
  m_Center: {x: -0.48200002, y: 0, z: 0.085}
  m_TimeToStationary: 0.5
